% Este é o seu banco de dados de referências

@misc{NBR10520,
address = {Rio de Janeiro},
author = {{ASSO{\c{C}}{\~{A}}O BRASILEIRA DE NORMAS T{\'{E}}CNICAS}},
title = {{ABNT NBR 10520 – Informa{\c{c}}{\~{a}}o e documenta{\c{c}}{\~{a}}o – Cita{\c{c}}{\~{o}}es em documentos – Apresenta{\c{c}}{\~{a}}o}},
publisher = {ABNT},
year = {2002}
}

@misc{NBR14724,
address = {Rio de Janeiro},
author = {{ASSO{\c{C}}{\~{A}}O BRASILEIRA DE NORMAS T{\'{E}}CNICAS}},
title = {{ABNT NBR 14724 – Informa{\c{c}}{\~{a}}o e documenta{\c{c}}{\~{a}}o – Trabalhos acad\^{e}micos – Apresenta{\c{c}}{\~{a}}o}},
publisher = {ABNT},
year = {2011}
}

@misc{NBR6023,
address = {Rio de Janeiro},
author = {{ASSO{\c{C}}{\~{A}}O BRASILEIRA DE NORMAS T{\'{E}}CNICAS}},
title = {{ABNT NBR 14724 – Informa{\c{c}}{\~{a}}o e documenta{\c{c}}{\~{a}}o – Refer\^{e}ncias – Elabora{\c{c}}{\~{a}}o}},
publisher = {ABNT},
year = {2018}
}

@inproceedings{Zucolotto,
author = {Zucolotto, V},
title = {Módulo 02 - "Títulos, Autores e Abstract"},
booktitle ={Curso de Escrita Científica},
publisher={YouTube},
url = {https://youtu.be/e968B1PwIbs},
urlaccessdate = {14JAN2020},
year = {2020}
}


@online{Borges,
author = {BORGES, R},
title = {Produção de Textos: Coesão e Coerência.},
url = {https://www.professorrenato.com/attachments/article/177/Aula - Coesão textual.pdf.},
urlaccessdate = {23ABR2020},
year = {2020}
}

@book{volpato_dicas_2010,
	address = {São Paulo},
	edition = {3},
	title = {Dicas para {Redação} {Científica}},
	isbn = { 978-8564201071},
	publisher = {Cultura Acadêmica},
	author = {Volpato, Gilson L.},
	year = {2010},
}

@article{Melo2015,
  doi = {10.3895/rbect.v8n3.1946},
  url = {https://doi.org/10.3895/rbect.v8n3.1946},
  year = {2015},
  month = {08},
  publisher = {Universidade Tecnologica Federal do Parana ({UTFPR})},
  volume = {8},
  number = {3},
  author = {Waisenhowerk Vieira de Melo and Cristina Dos Santos\:Bianchi},
  title = {Discutindo estrat{\'{e}}gias para a constru{\c{c}}{\~{a}}o de question{\'{a}}rios como ferramenta de pesquisa},
  journal = {Revista Brasileira de Ensino de Ci{\^{e}}ncia e Tecnologia}
  }


@inproceedings{Freitas2005,
  year = {2005},
  address = {Bauru},
  author = {André Luís Policani Freitas and Sidilene Gonçalves Rodrigues},
  pages={19-30},
  title = {A avaliação da confiabilidade de questionários: uma análise utilizando o coeficiente alfa de Cronbach},
  booktitle = {Simpósio de Engenharia de produção}
  }
@Book{IBGENormas,
 author = {},
 title = {Normas de apresentação tabular},
 publisher = {Fundação Instituto Brasileiro de Geografia e Estatística (IBGE},
 year = {1993},
 address = {Rio de Janeiro},
 isbn = {85-240-0471-1}
 }